@book{hunt2018pragmatic,
  title={Il Pragmatic Programmer: Guida per manovali del software che vogliono diventare maestri},
  author={Hunt, A. and Thomas, D.},
  isbn={9788850318230},
  series={Maestri di programmazione},
  url={https://books.google.it/books?id=EGNODwAAQBAJ},
  year={2018},
  publisher={Apogeo}
}

@book{martin2018clean,
  title={Clean Code: Guida per diventare bravi artigiani nello sviluppo agile di software},
  author={Martin, R.C.},
  isbn={9788850318254},
  series={Maestri di programmazione},
  url={https://books.google.it/books?id=RqdTDwAAQBAJ},
  year={2018},
  publisher={Feltrinelli Editore}
}
